@inproceedings{jensen2005tradable,
  title={Tradable services: Understanding the scope and impact of services offshoring [with comments and discussion]},
  author={Jensen, J Bradford and Kletzer, Lori G and Bernstein, Jared and Feenstra, Robert C},
  booktitle={Brookings trade forum},
  pages={75--133},
  year={2005},
  organization={JSTOR}
}
@article{hsieh2005impact,
  title={The impact of outsourcing to China on Hong Kong's labor market},
  author={Hsieh, Chang-Tai and Woo, Keong T},
  journal={American Economic Review},
  volume={95},
  number={5},
  pages={1673--1687},
  year={2005},
  publisher={American Economic Association}
}
@article{berman1994changes,
  title={Changes in the demand for skilled labor within US manufacturing: evidence from the annual survey of manufactures},
  author={Berman, Eli and Bound, John and Griliches, Zvi},
  journal={The quarterly journal of economics},
  volume={109},
  number={2},
  pages={367--397},
  year={1994},
  publisher={MIT Press}
}
@misc{feenstra1995foreign,
  title={Foreign investment, outsourcing and relative wages},
  author={Feenstra, Robert C and Hanson, Gordon H},
  year={1995},
  publisher={National Bureau of Economic Research Cambridge, Mass., USA}
}